[gd_scene load_steps=12 format=1]

[ext_resource path="res://common/sounds/level.tres" type="SampleLibrary" id=1]
[ext_resource path="res://common/img/background_1.png" type="Texture" id=2]
[ext_resource path="res://scenes/platform_big/platform_big.tscn" type="PackedScene" id=3]
[ext_resource path="res://scenes/objectif/objectif.tscn" type="PackedScene" id=4]
[ext_resource path="res://scenes/Player/Player.tscn" type="PackedScene" id=5]
[ext_resource path="res://scenes/Offlimit/Offlimit.tscn" type="PackedScene" id=6]
[ext_resource path="res://scenes/Player/white_square.png" type="Texture" id=7]
[ext_resource path="res://common/img/Xbox_Left_stick.png" type="Texture" id=8]
[ext_resource path="res://scenes/Switch/Switch.tscn" type="PackedScene" id=9]

[sub_resource type="GDScript" id=2]

script/source = "\nextends Node\n\n# member variables here, example:\n# var a=2\n# var b=\"textvar\"\n\nfunc _ready():\n\t# Called every time the node is added to the scene.\n\t# Initialization here\n\tpass\n\n\n\n\nfunc _on_Switch_switch_unlocked(obj):\n\tprint(\"bordel\")\n\tget_tree().call_group(0, \"danger_areas\", \"queue_free\")\n\tpass # replace with function body\n"

[sub_resource type="GDScript" id=1]

script/source = "extends SamplePlayer\n\nfunc _ready():\n\tplay(\"Noctiluca - Imba\")\n\tpass\n"

[node name="Node" type="Node"]

script/script = SubResource( 2 )

[node name="SamplePlayer" type="SamplePlayer" parent="."]

config/polyphony = 1
config/samples = ExtResource( 1 )
default/volume_db = 0.0
default/pitch_scale = 1.0
default/pan = 0.0
default/depth = 0.0
default/height = 0.0
default/filter/type = 0
default/filter/cutoff = 5000.0
default/filter/resonance = 1.0
default/filter/gain = 1.0
default/reverb_room = 2
default/reverb_send = 0.0
default/chorus_send = 0.0
script/script = SubResource( 1 )

[node name="BG" type="Sprite" parent="."]

transform/pos = Vector2( 1874.47, 1252.44 )
transform/scale = Vector2( 0.793704, 0.793704 )
z/z = -1
texture = ExtResource( 2 )

[node name="platform_big_1" parent="." instance=ExtResource( 3 )]

transform/pos = Vector2( 281.906, 1419.57 )

[node name="platform_big_3" parent="." instance=ExtResource( 3 )]

transform/pos = Vector2( 903.154, 1420.3 )

[node name="platform_big_4" parent="." instance=ExtResource( 3 )]

transform/pos = Vector2( 2470.28, 1417.81 )

[node name="platform_big_5" parent="." instance=ExtResource( 3 )]

transform/pos = Vector2( 3137.89, 1417.81 )

[node name="objectif" parent="." instance=ExtResource( 4 )]

transform/pos = Vector2( 3211.52, 1379.69 )
switch_number = 1
next_level = "level_6"

[node name="Player_1" parent="." instance=ExtResource( 5 )]

transform/pos = Vector2( 520.251, 1295.1 )

[node name="Player_2" parent="." instance=ExtResource( 5 )]

transform/pos = Vector2( 164.638, 1300.83 )
player_number = 1

[node name="Offlimit_1" parent="." instance=ExtResource( 6 )]

transform/pos = Vector2( 1489.3, 2754.92 )
transform/scale = Vector2( 99.3315, 12.7097 )

[node name="danger_area" parent="." groups=[ "danger_areas" ] instance=ExtResource( 6 )]

editor/display_folded = true
transform/pos = Vector2( 2133.28, 648.67 )
transform/scale = Vector2( 6.03244, 3.25516 )

[node name="Sprite" type="Sprite" parent="danger_area"]

transform/pos = Vector2( 0.0171379, 1.54979 )
transform/scale = Vector2( 1.93168, 1.778 )
texture = ExtResource( 7 )
modulate = Color( 0.726562, 0.0454102, 0.0454102, 0.708433 )

[node name="danger_area1" parent="." groups=[ "danger_areas" ] instance=ExtResource( 6 )]

transform/pos = Vector2( 2301.1, 1234.31 )
transform/scale = Vector2( 6.03244, 3.25516 )

[node name="Sprite" type="Sprite" parent="danger_area1"]

transform/pos = Vector2( 0.0171379, 1.54979 )
transform/scale = Vector2( 1.93168, 1.778 )
texture = ExtResource( 7 )
modulate = Color( 0.726562, 0.0454102, 0.0454102, 0.708433 )

[node name="danger_area2" parent="." groups=[ "danger_areas" ] instance=ExtResource( 6 )]

transform/pos = Vector2( 1766.83, 744.565 )
transform/scale = Vector2( 6.03244, 3.25516 )

[node name="Sprite" type="Sprite" parent="danger_area2"]

transform/pos = Vector2( 0.0171379, 1.54979 )
transform/scale = Vector2( 1.93168, 1.778 )
texture = ExtResource( 7 )
modulate = Color( 0.726562, 0.0454102, 0.0454102, 0.708433 )

[node name="danger_area3" parent="." groups=[ "danger_areas" ] instance=ExtResource( 6 )]

transform/pos = Vector2( 1400.38, 843.884 )
transform/scale = Vector2( 6.03244, 3.25516 )

[node name="Sprite" type="Sprite" parent="danger_area3"]

transform/pos = Vector2( 0.0171379, 1.54979 )
transform/scale = Vector2( 1.93168, 1.778 )
texture = ExtResource( 7 )
modulate = Color( 0.726562, 0.0454102, 0.0454102, 0.708433 )

[node name="danger_area4" parent="." groups=[ "danger_areas" ] instance=ExtResource( 6 )]

transform/pos = Vector2( 1020.22, 929.504 )
transform/scale = Vector2( 6.03244, 3.25516 )

[node name="Sprite" type="Sprite" parent="danger_area4"]

transform/pos = Vector2( 0.0171379, 1.54979 )
transform/scale = Vector2( 1.93168, 1.778 )
texture = ExtResource( 7 )
modulate = Color( 0.726562, 0.0454102, 0.0454102, 0.708433 )

[node name="danger_area5" parent="." groups=[ "danger_areas" ] instance=ExtResource( 6 )]

transform/pos = Vector2( 1705.18, 1378.15 )
transform/scale = Vector2( 6.03244, 3.25516 )

[node name="Sprite" type="Sprite" parent="danger_area5"]

transform/pos = Vector2( 0.0171379, 1.54979 )
transform/scale = Vector2( 1.93168, 1.778 )
texture = ExtResource( 7 )
modulate = Color( 0.726562, 0.0454102, 0.0454102, 0.708433 )

[node name="danger_area6" parent="." groups=[ "danger_areas" ] instance=ExtResource( 6 )]

transform/pos = Vector2( 1393.53, 1426.1 )
transform/scale = Vector2( 6.03244, 3.25516 )

[node name="Sprite" type="Sprite" parent="danger_area6"]

transform/pos = Vector2( 0.0171379, 1.54979 )
transform/scale = Vector2( 1.93168, 1.778 )
texture = ExtResource( 7 )
modulate = Color( 0.726562, 0.0454102, 0.0454102, 0.708433 )

[node name="danger_area7" parent="." groups=[ "danger_areas" ] instance=ExtResource( 6 )]

transform/pos = Vector2( 1999.72, 1302.81 )
transform/scale = Vector2( 6.03244, 3.25516 )

[node name="Sprite" type="Sprite" parent="danger_area7"]

transform/pos = Vector2( 0.0171379, 1.54979 )
transform/scale = Vector2( 1.93168, 1.778 )
texture = ExtResource( 7 )
modulate = Color( 0.726562, 0.0454102, 0.0454102, 0.708433 )

[node name="Offlimit_2" parent="." instance=ExtResource( 6 )]

transform/pos = Vector2( 1616.32, -664.219 )
transform/scale = Vector2( 99.3315, 12.7097 )

[node name="Offlimit_3" parent="." instance=ExtResource( 6 )]

transform/pos = Vector2( 5094.28, 1031.97 )
transform/rot = 89.64
transform/scale = Vector2( 99.3315, 25.1336 )

[node name="Offlimit_4" parent="." instance=ExtResource( 6 )]

transform/pos = Vector2( -1913.37, 873.188 )
transform/rot = 89.64
transform/scale = Vector2( 99.3315, 25.1336 )

[node name="platform_big" parent="." instance=ExtResource( 3 )]

transform/pos = Vector2( -104.383, 646.705 )
transform/rot = 89.4879
transform/scale = Vector2( 2, 1 )

[node name="platform_big1" parent="." instance=ExtResource( 3 )]

transform/pos = Vector2( -119.837, 1583.24 )
transform/rot = 89.4879
transform/scale = Vector2( 2, 1 )

[node name="Label1" type="Label" parent="."]

rect/scale = Vector2( 7, 7 )
focus/ignore_mouse = true
focus/stop_mouse = true
size_flags/horizontal = 2
size_flags/vertical = 0
margin/left = 555.0
margin/top = 495.0
margin/right = 897.0
margin/bottom = 512.0
text = "to control the frequency or the amplitude of the wave"
percent_visible = 1.0
lines_skipped = 0
max_lines_visible = -1

[node name="Label2" type="Label" parent="."]

rect/scale = Vector2( 7, 7 )
focus/ignore_mouse = true
focus/stop_mouse = true
size_flags/horizontal = 2
size_flags/vertical = 0
margin/left = 830.0
margin/top = 286.0
margin/right = 1037.0
margin/bottom = 300.0
text = "While firing, use the left joystick"
percent_visible = 1.0
lines_skipped = 0
max_lines_visible = -1

[node name="Label3" type="Label" parent="."]

rect/scale = Vector2( 10, 10 )
focus/ignore_mouse = true
focus/stop_mouse = true
size_flags/horizontal = 2
size_flags/vertical = 0
margin/left = 1009.0
margin/top = 1626.0
margin/right = 1134.0
margin/bottom = 1640.0
text = "Avoid the red areas !"
percent_visible = 1.0
lines_skipped = 0
max_lines_visible = -1

[node name="Sprite" type="Sprite" parent="."]

transform/pos = Vector2( 2445.46, 313.082 )
transform/scale = Vector2( 1.71044, 1.71044 )
texture = ExtResource( 8 )

[node name="Switch" parent="." instance=ExtResource( 9 )]

transform/pos = Vector2( 2696.95, 1375.8 )
transform/scale = Vector2( 0.919792, 0.919792 )

[connection signal="switch_unlocked" from="Switch" to="." method="_on_Switch_switch_unlocked"]


