[gd_scene load_steps=13 format=1]

[ext_resource path="res://common/sounds/level.tres" type="SampleLibrary" id=1]
[ext_resource path="res://scenes/level_7/Fond_3.png" type="Texture" id=2]
[ext_resource path="res://scenes/platform_small/platform_small.tscn" type="PackedScene" id=3]
[ext_resource path="res://scenes/objectif/objectif.tscn" type="PackedScene" id=4]
[ext_resource path="res://scenes/Player/Player.tscn" type="PackedScene" id=5]
[ext_resource path="res://scenes/Offlimit/Offlimit.tscn" type="PackedScene" id=6]
[ext_resource path="res://scenes/platform_big/platform_big.tscn" type="PackedScene" id=7]
[ext_resource path="res://common/img/Xbox_button_Y.png" type="Texture" id=8]
[ext_resource path="res://common/img/PlayStationTriangle.png" type="Texture" id=9]
[ext_resource path="res://scenes/Switch/Switch.tscn" type="PackedScene" id=10]

[sub_resource type="GDScript" id=1]

script/source = "extends SamplePlayer\n\nfunc _ready():\n\tplay(\"Noctiluca - Imba\")\n\tpass\n"

[sub_resource type="Curve2D" id=2]

bake_interval = 5.0
_data = { "points":Vector2Array( 0, 0, 0, 0, 499, 374, 0, 0, 0, 0, 615, 785, 0, 0, 0, 0, 969, 1004, 0, 0, 0, 0, 1486, 1106, 0, 0, 0, 0, 1491, 1609, 0, 0, 0, 0, 1188, 1758, 0, 0, 0, 0, 704, 1833, 0, 0, 0, 0, 461, 1637, 0, 0, 0, 0, 694, 1889, 0, 0, 0, 0, 1206, 1795, 0, 0, 0, 0, 1528, 1637, 0, 0, 0, 0, 1523, 1101, 0, 0, 0, 0, 978, 966, 0, 0, 0, 0, 661, 766, 0, 0, 0, 0, 499, 374 ) }

[node name="Node" type="Node"]

[node name="SamplePlayer" type="SamplePlayer" parent="."]

config/polyphony = 1
config/samples = ExtResource( 1 )
default/volume_db = 0.0
default/pitch_scale = 1.0
default/pan = 0.0
default/depth = 0.0
default/height = 0.0
default/filter/type = 0
default/filter/cutoff = 5000.0
default/filter/resonance = 1.0
default/filter/gain = 1.0
default/reverb_room = 2
default/reverb_send = 0.0
default/chorus_send = 0.0
script/script = SubResource( 1 )

[node name="BG" type="Sprite" parent="."]

transform/pos = Vector2( 1939.5, 1090.5 )
transform/scale = Vector2( 1.13289, 0.892339 )
z/z = -1
texture = ExtResource( 2 )

[node name="platform_small_9" parent="." instance=ExtResource( 3 )]

transform/pos = Vector2( 1993, 445 )

[node name="objectif" parent="platform_small_9" instance=ExtResource( 4 )]

transform/pos = Vector2( -10.8499, -74.4301 )
switch_number = 4
next_level = "final_screen"

[node name="Player_1" parent="." instance=ExtResource( 5 )]

transform/pos = Vector2( 3557, 603 )

[node name="Player_2" parent="." instance=ExtResource( 5 )]

transform/pos = Vector2( 354, 556 )
player_number = 1

[node name="Offlimit_1" parent="." instance=ExtResource( 6 )]

transform/pos = Vector2( 1489.3, 2754.92 )
transform/scale = Vector2( 99.3315, 12.7097 )

[node name="Offlimit_2" parent="." instance=ExtResource( 6 )]

transform/pos = Vector2( 1616.32, -664.219 )
transform/scale = Vector2( 99.3315, 12.7097 )

[node name="Offlimit_3" parent="." instance=ExtResource( 6 )]

transform/pos = Vector2( 5094.28, 1031.97 )
transform/rot = 89.64
transform/scale = Vector2( 99.3315, 25.1336 )

[node name="Offlimit_4" parent="." instance=ExtResource( 6 )]

transform/pos = Vector2( -1913.37, 873.188 )
transform/rot = 89.64
transform/scale = Vector2( 99.3315, 25.1336 )

[node name="platform_big" parent="." instance=ExtResource( 7 )]

transform/pos = Vector2( -104.383, 646.705 )
transform/rot = 89.4879
transform/scale = Vector2( 2, 1 )

[node name="platform_big1" parent="." instance=ExtResource( 7 )]

transform/pos = Vector2( -93.4293, 1756.28 )
transform/rot = 89.4879
transform/scale = Vector2( 2, 1 )

[node name="Sprite" type="Sprite" parent="."]

visibility/visible = false
transform/pos = Vector2( 1694.29, 1971.53 )
transform/scale = Vector2( 0.706206, 0.706206 )
texture = ExtResource( 8 )

[node name="Sprite1" type="Sprite" parent="."]

visibility/visible = false
transform/pos = Vector2( 1992.77, 1967.74 )
transform/scale = Vector2( 0.706206, 0.706206 )
texture = ExtResource( 9 )

[node name="platform_small" parent="." instance=ExtResource( 3 )]

transform/pos = Vector2( 330, 638 )

[node name="platform_small1" parent="." instance=ExtResource( 3 )]

transform/pos = Vector2( 3556, 707 )

[node name="platform_small2" parent="." instance=ExtResource( 3 )]

transform/pos = Vector2( 2807, 626 )

[node name="Switch" parent="platform_small2" instance=ExtResource( 10 )]

transform/pos = Vector2( -17, -97 )
NEED_ANY_PLAYER = false
NEED_P0 = false
NEED_P1 = false
NEED_WAVE = true

[node name="Switch1" parent="platform_small2" instance=ExtResource( 10 )]

transform/pos = Vector2( -1664, -74 )
NEED_ANY_PLAYER = false
NEED_P0 = false
NEED_P1 = false
NEED_WAVE = true

[node name="platform_small3" parent="." instance=ExtResource( 3 )]

transform/pos = Vector2( 1154, 632 )

[node name="Path2D" type="Path2D" parent="."]

transform/pos = Vector2( 19, -19 )
curve = SubResource( 2 )

[node name="platform_small" parent="Path2D" instance=ExtResource( 3 )]

transform/pos = Vector2( 499, 374 )
rotate = false
active = true

[node name="Path2D1" type="Path2D" parent="."]

transform/pos = Vector2( 3923, 14 )
transform/scale = Vector2( -1, 1 )
curve = SubResource( 2 )

[node name="platform_small" parent="Path2D1" instance=ExtResource( 3 )]

transform/pos = Vector2( 499, 374 )
rotate = false
active = true

[node name="platform_small 2" parent="." instance=ExtResource( 3 )]

transform/pos = Vector2( 3641, 1624 )

[node name="Switch" parent="platform_small 2" instance=ExtResource( 10 )]

transform/pos = Vector2( 2, -91 )
NEED_ANY_PLAYER = false
NEED_P0 = false

[node name="Label1" type="Label" parent="platform_small 2"]

rect/scale = Vector2( 3, 3 )
focus/ignore_mouse = true
focus/stop_mouse = true
size_flags/horizontal = 2
size_flags/vertical = 0
margin/left = -144.0
margin/top = -307.0
margin/right = -70.0
margin/bottom = -293.0
text = "Green Here"
percent_visible = 1.0
lines_skipped = 0
max_lines_visible = -1

[node name="platform_small4" parent="." instance=ExtResource( 3 )]

transform/pos = Vector2( 342, 1601 )

[node name="Switch" parent="platform_small4" instance=ExtResource( 10 )]

transform/pos = Vector2( 2, -91 )
NEED_ANY_PLAYER = false
NEED_P1 = false

[node name="Label" type="Label" parent="platform_small4"]

rect/scale = Vector2( 3, 3 )
focus/ignore_mouse = true
focus/stop_mouse = true
size_flags/horizontal = 2
size_flags/vertical = 0
margin/left = -93.0
margin/top = -293.0
margin/right = -21.0
margin/bottom = -279.0
text = "Red Here"
percent_visible = 1.0
lines_skipped = 0
max_lines_visible = -1

[node name="platform_big 2" parent="." instance=ExtResource( 7 )]

transform/pos = Vector2( 2328, 777 )
transform/scale = Vector2( 0.5, 0.5 )


