[gd_scene load_steps=9 format=1]

[ext_resource path="res://common/img/background_1.png" type="Texture" id=1]
[ext_resource path="res://common/sounds/level.tres" type="SampleLibrary" id=2]
[ext_resource path="res://scenes/platform_big/platform_big.tscn" type="PackedScene" id=3]
[ext_resource path="res://scenes/objectif/objectif.tscn" type="PackedScene" id=4]
[ext_resource path="res://scenes/platform_small/platform_small.tscn" type="PackedScene" id=5]
[ext_resource path="res://scenes/Player/Player.tscn" type="PackedScene" id=6]
[ext_resource path="res://scenes/Offlimit/Offlimit.tscn" type="PackedScene" id=7]

[sub_resource type="GDScript" id=1]

script/source = "extends SamplePlayer\n\nfunc _ready():\n\tplay(\"Noctiluca - Imba\")\n\tpass\n"

[node name="Node" type="Node"]

[node name="BG" type="Sprite" parent="."]

transform/pos = Vector2( 1874.47, 1227.71 )
transform/scale = Vector2( 0.793704, 0.793704 )
texture = ExtResource( 1 )

[node name="SamplePlayer" type="SamplePlayer" parent="."]

config/polyphony = 1
config/samples = ExtResource( 2 )
default/volume_db = 0.0
default/pitch_scale = 1.0
default/pan = 0.0
default/depth = 0.0
default/height = 0.0
default/filter/type = 0
default/filter/cutoff = 5000.0
default/filter/resonance = 1.0
default/filter/gain = 1.0
default/reverb_room = 2
default/reverb_send = 0.0
default/chorus_send = 0.0
script/script = SubResource( 1 )

[node name="platform_big1" parent="." instance=ExtResource( 3 )]

transform/pos = Vector2( 617.136, 1229.6 )
transform/scale = Vector2( 2, 1 )

[node name="platform_big2" parent="." instance=ExtResource( 3 )]

transform/pos = Vector2( -104.383, 646.705 )
transform/rot = 89.4879
transform/scale = Vector2( 2, 1 )

[node name="objectif" parent="." instance=ExtResource( 4 )]

transform/pos = Vector2( 1268.47, 1181.99 )
locked = false
next_level = "level_2"

[node name="platform_small" parent="." instance=ExtResource( 5 )]

transform/pos = Vector2( 60.2738, 1004.98 )

[node name="platform_small1" parent="." instance=ExtResource( 5 )]

transform/pos = Vector2( 55.7296, 530.112 )

[node name="Player_1" parent="." instance=ExtResource( 6 )]

transform/pos = Vector2( 77.9573, 933.46 )

[node name="Player_2" parent="." instance=ExtResource( 6 )]

transform/pos = Vector2( 56.8116, 467.176 )
player_number = 1

[node name="Offlimit_1" parent="." instance=ExtResource( 7 )]

transform/pos = Vector2( 1827.85, 2847.59 )
transform/scale = Vector2( 90.8405, 15.0751 )

[node name="Offlimit_2" parent="." instance=ExtResource( 7 )]

transform/pos = Vector2( 1784.74, -898.128 )
transform/scale = Vector2( 90.8405, 19.2507 )

[node name="Offlimit_3" parent="." instance=ExtResource( 7 )]

transform/pos = Vector2( 4926.03, 1153.24 )
transform/rot = 90.0616
transform/scale = Vector2( 90.8405, 20.1576 )

[node name="Offlimit_4" parent="." instance=ExtResource( 7 )]

transform/pos = Vector2( -1317.87, 576.166 )
transform/rot = 90.0616
transform/scale = Vector2( 90.8405, 21.2855 )

[node name="Helper" type="Label" parent="."]

rect/scale = Vector2( 10, 10 )
focus/ignore_mouse = true
focus/stop_mouse = true
size_flags/horizontal = 2
size_flags/vertical = 0
margin/left = 1733.0
margin/top = 1584.0
margin/right = 1895.0
margin/bottom = 1598.0
text = "Reach the door together !"
percent_visible = 1.0
lines_skipped = 0
max_lines_visible = -1


